@article{loureirodesign,
  title={Design de jogos de RPG digitais: uma investigação sobre a experiência de jogo},
  author={Loureiro, Cezar Gigliotti and Carmo, Maria Isabel Mariz May and Donato, Nelson Jos{\'e} and Silva, Tathiana Sanches Tavares and Maidantchik, Victoria Daher and Marques, Yann Lemos Mathias de M}
}

@misc{gamif,
    title={O que é a gamificação e como ela funciona?},
    author={Carvalho, Rafael},
    year={2016},
    howpublished = {\url{https://www.edools.com/o-que-e-gamificacao/}},
    note = {acessado Dez. 06, 2020}
}

@misc{dicey,
    title={Dicey Dungeon},
    author={Cavanagh, Terry},
    year={2019},
    howpublished = {\url{https://terrycavanagh.itch.io/dicey-dungeons}}
}

@article{de2008jogos,
  title={Jogos eletr{\^o}nicos ea busca da excita{\c{c}}{\~a}o},
  author={de Almeida Reis, Leoncio Jos{\'e} and Cavichiolli, Fernando Renato},
  journal={Movimento},
  volume={14},
  number={3},
  pages={163--183},
  year={2008},
  publisher={Escola de Educa{\c{c}}{\~a}o F{\'\i}sica}
}

@misc{knight,
    title={Knight Dice},
    author={Prince Game Studio},
    howpublished = {\url{https://store.steampowered.com/app/1212960/Knight_Dice/}}
}
https://store.steampowered.com/app/1212960/Knight_Dice/

@misc {dragonage,
    title={Dragon Age},
    author={Bioware},
    year={2020},
    howpublished = {\url{https://www.ea.com/pt-br/games/dragon-age}}
}

@misc {baldur,
    title={Baldur's Gate},
    author={Beamdog},
    year={2020},
    howpublished = {\url{https://baldursgate3.game/}}
}

@article{lucchese2009conceituaccao,
  title={Conceitua{\c{c}}{\~a}o de jogos digitais},
  author={Lucchese, Fabiano and Ribeiro, Bruno},
  journal={S{\~a}o Paulo},
  year={2009}
}

@article{sarinho2017proposta,
  title={Uma proposta de game design canvas unificado},
  author={Sarinho, Victor Travassos},
  journal={XVI Simp{\'o}sio Brasileiro de Jogos e Entretenimento Digital (SBGames)},
  year={2017}
}

@inproceedings{bostan2009game,
  title={Game challenges and difficulty levels: lessons learned From RPGs},
  author={Bostan, Barbaros and {\"O}{\u{g}}{\"u}t, Serta{\c{c}}},
  booktitle={International simulation and gaming association conference},
  pages={1--11},
  year={2009}
}

@article{lunardellimikrokosmos,
  title={Mikrokosmos-Uma proposta de jogo digital com tem{\'a}tica natural para jogadores casuais.},
  author={Lunardelli, Fernando and da Costa, Guilherme Schirmer and Carvalho, Tamara}
}

@inproceedings{de2018ecologic,
  title={EcoLogic: um jogo de estrat{\'e}gia para o desenvolvimento do pensamento computacional e da consci{\^e}ncia ambiental},
  author={de Sousa Pires, Fernanda Gabriela and Melo, Rafaela and Machado, Jean and Silva, Marcos S and Franzoia, Fabrizio and de Freitas, Rosiane},
  booktitle={Anais dos Workshops do Congresso Brasileiro de Inform{\'a}tica na Educa{\c{c}}{\~a}o},
  volume={7},
  number={1},
  pages={629},
  year={2018}
}

@article{correaimportancia,
  title={A Import{\^a}ncia da Aleatoriedade em Jogos Digitais e sua Aplica{\c{c}}{\~a}o no Jogo Inatel Under Invasion},
  author={Corr{\^e}a, Luciano Matheus and Mesquita, Renzo and Coders, Developers and Hub, Gamers Hub-CDG and Lima, Phyllipe}
}