@article{loureirodesign,
  title={Design de jogos de RPG digitais: uma investigac ao sobre a experiˆencia de jogo},
  author={Loureiro, Cezar Gigliotti and Carmo, Maria Isabel Mariz May and Donato, Nelson Jos{\'e} and Silva, Tathiana Sanches Tavares and Maidantchik, Victoria Daher and Marques, Yann Lemos Mathias de M}
}

@article{savi2008jogos,
  title={Jogos digitais educacionais: benef{\'\i}cios e desafios},
  author={Savi, Rafael and Ulbricht, Vania Ribas},
  journal={RENOTE-Revista Novas Tecnologias na Educa{\c{c}}{\~a}o},
  volume={6},
  number={1},
  year={2008}
}

@article{benjamin2011conceito,
  title={Conceito de folclore},
  author={Benjamin, Roberto},
  journal={Projeto Encontro com o Folclore},
  year={2011}
}

@article{cavalcanti2002entendendo,
  title={Entendendo o folclore},
  author={Cavalcanti, Maria Laura},
  journal={Rio de Janeiro},
  year={2002}
}

@article{de2008jogos,
  title={Jogos eletr{\^o}nicos ea busca da excita{\c{c}}{\~a}o},
  author={de Almeida Reis, Leoncio Jos{\'e} and Cavichiolli, Fernando Renato},
  journal={Movimento},
  volume={14},
  number={3},
  pages={163--183},
  year={2008},
  publisher={Escola de Educa{\c{c}}{\~a}o F{\'\i}sica}
}

@misc{Delbem,
    title={Folclore, identidade e cultura.},
    author={Danielle Conte Delbem},
    howpublished = {\url{http://revistaunar.com.br/cientifica/documentos/vol1_n1_2007/5_folclore_identidade_cultura.pdf}}
}


@misc {brasilescola,
    title={Folclore Brasileiro},
    author={Brasil Escola},
    year={2020},
    howpublished = {\url{https://brasilescola.uol.com.br/historiab/folclore-brasileiro.htm}}
}

@inproceedings{inproceedings,
author = {Chagas, Maria Das Graças and Baère Pedrazzi Lomba de Araujo, Bruno and Faria, Waldecir and Loureiro, Cezar and Carmo, Maria and Donato, Nelson and Silva, Tathiana and Maidantchik, Victoria and Marques, Yann},
year = {2015},
month = {11},
pages = {},
title = {Design de Jogos de RPG Digitais: Uma investigação sobre a experiência de jogo}
}

@article{lucchese2009conceituaccao,
  title={Conceitua{\c{c}}{\~a}o de jogos digitais},
  author={Lucchese, Fabiano and Ribeiro, Bruno},
  journal={S{\~a}o Paulo},
  year={2009}
}


}